@book{latex,
  title = {LaTeX : A Documentation Preparation System User's Guide and Reference Manual},
  publisher = {Addison-Wesley Professional},
  year = {1994},
  author = {Leslie Lamport}
}
@article{DBLP:journals/acta/BayerM72,
  author    = {Rudolf Bayer and
               Edward M. McCreight},
  title     = {Organization and Maintenance of Large Ordered Indices},
  journal   = {Acta Informatica},
  volume    = {1},
  pages     = {173--189},
  year      = {1972},
  url       = {https://doi.org/10.1007/BF00288683},
  doi       = {10.1007/BF00288683},
  timestamp = {Sun, 21 Jun 2020 17:37:55 +0200},
  biburl    = {https://dblp.org/rec/journals/acta/BayerM72.bib},
  bibsource = {dblp computer science bibliography, https://dblp.org}
}
@book{DBLP:books/daglib/0095349_mod,
  author    = {Michael J. Folk and
               Bill Zoellick and
               Greg Riccardi},
  title     = {File structures - an object-oriented approach with {C++}},
  publisher = {Addison-Wesley-Longman},
  year      = {1992},
  isbn      = {0-201-55713-4},
}
@book{DBLP:books/lib/Knuth98a,
  author    = {Donald Ervin Knuth},
  title     = {The art of computer programming, , Volume III, 2nd Edition},
  publisher = {Addison-Wesley},
  year      = {1998},
  url       = {https://www.worldcat.org/oclc/312994415},
  isbn      = {0201896850},
  timestamp = {Fri, 17 Jul 2020 16:12:39 +0200},
  biburl    = {https://dblp.org/rec/books/lib/Knuth98a.bib},
  bibsource = {dblp computer science bibliography, https://dblp.org}
}
@book{DBLP:books/daglib/0023376,
  author    = {Thomas H. Cormen and
               Charles E. Leiserson and
               Ronald L. Rivest and
               Clifford Stein},
  title     = {Introduction to Algorithms, 3rd Edition},
  publisher = {{MIT} Press},
  year      = {2009},
  url       = {http://mitpress.mit.edu/books/introduction-algorithms},
  isbn      = {978-0-262-03384-8},
  timestamp = {Mon, 17 Aug 2020 11:36:12 +0200},
  biburl    = {https://dblp.org/rec/books/daglib/0023376.bib},
  bibsource = {dblp computer science bibliography, https://dblp.org}
}
@article{DBLP:journals/sosym/ErnstSR15,
  author    = {Gidon Ernst and
               Gerhard Schellhorn and
               Wolfgang Reif},
  title     = {Verification of B\({}^{\mbox{+}}\) trees by integration of shape analysis
               and interactive theorem proving},
  journal   = {Softw. Syst. Model.},
  volume    = {14},
  number    = {1},
  pages     = {27--44},
  year      = {2015},
  url       = {https://doi.org/10.1007/s10270-013-0320-1},
  doi       = {10.1007/s10270-013-0320-1},
  timestamp = {Mon, 26 Oct 2020 08:48:57 +0100},
  biburl    = {https://dblp.org/rec/journals/sosym/ErnstSR15.bib},
  bibsource = {dblp computer science bibliography, https://dblp.org}
}
@inproceedings{DBLP:conf/popl/MalechaMSW10,
  author    = {J. Gregory Malecha and
               Greg Morrisett and
               Avraham Shinnar and
               Ryan Wisnesky},
  editor    = {Manuel V. Hermenegildo and
               Jens Palsberg},
  title     = {Toward a verified relational database management system},
  booktitle = {Proceedings of the 37th {ACM} {SIGPLAN-SIGACT} Symposium on Principles
               of Programming Languages, {POPL} 2010, Madrid, Spain, January 17-23,
               2010},
  pages     = {237--248},
  publisher = {{ACM}},
  year      = {2010},
  url       = {https://doi.org/10.1145/1706299.1706329},
  doi       = {10.1145/1706299.1706329},
  timestamp = {Tue, 06 Nov 2018 11:07:43 +0100},
  biburl    = {https://dblp.org/rec/conf/popl/MalechaMSW10.bib},
  bibsource = {dblp computer science bibliography, https://dblp.org}
}
